@article{DBLP:journals/cacm/Fujimoto90,
  author       = {Richard Fujimoto},
  title        = {Parallel Discrete Event Simulation},
  journal      = {Commun. {ACM}},
  volume       = {33},
  number       = {10},
  pages        = {30--53},
  year         = {1990},
  url          = {https://doi.org/10.1145/84537.84545},
  doi          = {10.1145/84537.84545},
  timestamp    = {Tue, 06 Nov 2018 12:51:37 +0100},
  biburl       = {https://dblp.org/rec/journals/cacm/Fujimoto90.bib},
  bibsource    = {dblp computer science bibliography, https://dblp.org}
}

@inproceedings{DBLP:conf/wsc/Wieland98,
  author       = {Frederick Wieland},
  editor       = {Deborah J. Medeiros and
                  Edward F. Watson and
                  John S. Carson II and
                  Mani S. Manivannan},
  title        = {Parallel Simulation for Aviation Applications},
  booktitle    = {Proceedings of the 30th conference on Winter simulation, {WSC} 1998,
                  Washington DC, USA, December 13-16, 1998},
  pages        = {1191--1198},
  publisher    = {{WSC}},
  year         = {1998},
  url          = {https://doi.org/10.1109/WSC.1998.745978},
  doi          = {10.1109/WSC.1998.745978},
  timestamp    = {Fri, 24 Mar 2023 00:04:16 +0100},
  biburl       = {https://dblp.org/rec/conf/wsc/Wieland98.bib},
  bibsource    = {dblp computer science bibliography, https://dblp.org}
}

@inproceedings{DBLP:conf/wsc/Fujimoto95,
  author       = {Richard Fujimoto},
  editor       = {William R. Lilegdon and
                  David Goldsman and
                  Christos Alexopoulos and
                  Keebom Kang},
  title        = {Parallel and Distributed Simulation},
  booktitle    = {Proceedings of the 27th conference on Winter simulation, {WSC} 1995,
                  Arlington, VA, USA, December 3-6, 1995},
  pages        = {118--125},
  publisher    = {{IEEE} Computer Society},
  year         = {1995},
  url          = {https://doi.org/10.1109/WSC.1995.478713},
  doi          = {10.1109/WSC.1995.478713},
  timestamp    = {Fri, 24 Mar 2023 00:04:14 +0100},
  biburl       = {https://dblp.org/rec/conf/wsc/Fujimoto95.bib},
  bibsource    = {dblp computer science bibliography, https://dblp.org}
}

@article{DBLP:journals/toplas/Jefferson85,
  author       = {David R. Jefferson},
  title        = {Virtual Time},
  journal      = {{ACM} Trans. Program. Lang. Syst.},
  volume       = {7},
  number       = {3},
  pages        = {404--425},
  year         = {1985},
  url          = {https://doi.org/10.1145/3916.3988},
  doi          = {10.1145/3916.3988},
  timestamp    = {Sun, 02 Jun 2019 20:53:40 +0200},
  biburl       = {https://dblp.org/rec/journals/toplas/Jefferson85.bib},
  bibsource    = {dblp computer science bibliography, https://dblp.org}
}

@book{DBLP:books/daglib/0034857,
  author       = {Jerry Banks and
                  John S. Carson II and
                  Barry L. Nelson and
                  David M. Nicol},
  title        = {Discrete-Event System Simulation, 5th New Internatinal Edition},
  publisher    = {Pearson Education},
  year         = {2010},
  isbn         = {978-1-292-02437-0},
  timestamp    = {Wed, 04 Mar 2015 17:02:57 +0100},
  biburl       = {https://dblp.org/rec/books/daglib/0034857.bib},
  bibsource    = {dblp computer science bibliography, https://dblp.org}
}

@Book{Law15,
  Title                    = {Simulation Modeling \& Analysis},
  Author                   = {Averill M. Law},
  Publisher                = {McGraw-Hill},
  Year                     = {2015},
  Address                  = {New York, NY, USA},
  Edition                  = {5}
}